<record><leader>00000cas a22000007a 4500</leader><controlfield tag="001">13105006</controlfield><controlfield tag="008">860204d18771911inuwr ne      0    0eng d</controlfield><datafield ind1=" " ind2=" " tag="010"><subfield code="a">sn 86063080 </subfield></datafield><datafield ind1=" " ind2=" " tag="040"><subfield code="a">KSH</subfield><subfield code="b">eng</subfield><subfield code="c">KSH</subfield><subfield code="d">NPT</subfield><subfield code="d">NPI</subfield><subfield code="d">MGN</subfield><subfield code="d">OCLCQ</subfield></datafield><datafield ind1=" " ind2=" " tag="042"><subfield code="a">msc</subfield></datafield><datafield ind1="0" ind2=" " tag="130"><subfield code="a">Kendallville news (Kendallville, Ind. : 1877)</subfield></datafield><datafield ind1="1" ind2="0" tag="245"><subfield code="a">Kendallville news.</subfield></datafield><datafield ind1=" " ind2=" " tag="260"><subfield code="a">Kendallville, Noble County, Ind. :</subfield><subfield code="b">Parker &amp; Redmond</subfield></datafield><datafield ind1=" " ind2=" " tag="310"><subfield code="a">Weekly</subfield></datafield><datafield ind1="1" ind2=" " tag="362"><subfield code="a">Began in 1877? Ceased in 1911.</subfield></datafield><datafield ind1=" " ind2=" " tag="580"><subfield code="a">Daily ed.: Kendallville daily news.</subfield></datafield><datafield ind1=" " ind2=" " tag="588"><subfield code="a">Description based on: Vol. 15, no. 42 (Aug. 18, 1892).</subfield></datafield><datafield ind1=" " ind2=" " tag="752"><subfield code="a">United States</subfield><subfield code="b">Indiana</subfield><subfield code="c">Noble</subfield><subfield code="d">Kendallville.</subfield></datafield><datafield ind1="1" ind2=" " tag="775"><subfield code="t">Kendallville daily news</subfield><subfield code="w">(DLC)sn 87056635</subfield></datafield><datafield ind1="0" ind2="7" tag="785"><subfield code="t">Kendallville standard</subfield><subfield code="w">(DLC)sn 84023969</subfield></datafield><datafield ind1="0" ind2="7" tag="785"><subfield code="t">Kendallville standard-news</subfield><subfield code="w">(DLC)sn 89099035</subfield></datafield></record>